@book{Kobayashi,
      author         = "Kobayashi, S.",
      title          = "{Differential Geometry of Complex Vector Bundles}",
      journal        = "Princeton University Press",
      year           = "1987"
}