@book{Voisin,
      author         = "Voisin, C.",
      title          = "{Hodge Theory and Complex Algebraic Geometry, I}",
      journal        = "Cambridge University Press",
      year           = "2002"
}