@book{Voisin,
      author         = "Voisin, C.",
      title          = "{Hodge Theory and Complex Algebraic Geometry, I}",
      journal        = "Cambridge University Press",
      year           = "2002"
}
@book{Huybrechts,
      author         = "Huybrechts, D.",
      title          = "{Complex Geometry}",
      journal        = "Springer",
      year           = "2005"
}
@book{GriffithsHarris,
      author         = "Griffiths, P. and Harris, J.",
      title          = "{Principles of Algebraic Geometry}",
      journal        = "Wiley",
      year           = "1978"
}